<?xml version="1.0" encoding="UTF-8"?><record xmlns="http://www.loc.gov/MARC21/slim" xmlns:cinclude="http://apache.org/cocoon/include/1.0" xmlns:zs="http://www.loc.gov/zing/srw/">
  <leader>00756cz  a2200157n  4500</leader>
  <controlfield tag="001">n  78042097 </controlfield>
  <controlfield tag="003">DLC</controlfield>
  <controlfield tag="005">20090308080037.0</controlfield>
  <controlfield tag="008">780711n| acannaabn          |a ana      </controlfield>
  <datafield tag="010" ind1=" " ind2=" ">
    <subfield code="a">n  78042097 </subfield>
  </datafield>
  <datafield tag="035" ind1=" " ind2=" ">
    <subfield code="a">(OCoLC)oca00178033</subfield>
  </datafield>
  <datafield tag="040" ind1=" " ind2=" ">
    <subfield code="a">DLC</subfield>
    <subfield code="b">eng</subfield>
    <subfield code="c">DLC</subfield>
    <subfield code="d">OCoLC</subfield>
  </datafield>
  <datafield tag="110" ind1="2" ind2=" ">
    <subfield code="a">U.S. Nuclear Regulatory Commission.</subfield>
    <subfield code="b">Division of Project Management</subfield>
  </datafield>
  <datafield tag="410" ind1="1" ind2=" ">
    <subfield code="w">nnaa</subfield>
    <subfield code="a">United States.</subfield>
    <subfield code="b">Office of Nuclear Reactor Regulation.</subfield>
    <subfield code="b">Division of Project Management</subfield>
  </datafield>
  <datafield tag="410" ind1="2" ind2=" ">
    <subfield code="a">U.S. Nuclear Regulatory Commission.</subfield>
    <subfield code="b">Office of Nuclear Reactor Regulation.</subfield>
    <subfield code="b">Division of Project Management</subfield>
  </datafield>
  <datafield tag="670" ind1=" " ind2=" ">
    <subfield code="a">Erdman, C. A. Post-failure phenomena in LMFBR ... 1978 (a.e.)</subfield>
    <subfield code="b">t.p. (Division of Project Management, Office of Nuclear Reactor Regulation, U.S. Nuclear Regulatory Commission)</subfield>
  </datafield>
</record>